001  0000154
005  20180630135158.890
008  170706s||||     bl|||||||||||||||||por|u
020    $a9788585466299
040    $aPorto Alegre$bpor
080    $282-93-Azul$a1997
090    $a82-93-Azul$bE75f
100 1  $aEsopo
245 10 $aFábulas de Esopo$cEsopo
260    $aSão Paulo$bCompanhia das Letrinhas$c1994
300    $a95 p.
650    $aFábula
650    $aLiteratura infanto-juvenil
700 1_ $aAsh, Russel$ccompilação
700 1_ $aJahn, Heloisa$ctradutor
700 1_ $aHigton, Bernard$ccompilação
